<record><leader>00000cas a22000007a 4500</leader><controlfield tag="001">9725082</controlfield><controlfield tag="008">830721c18909999maudn ne      0   a0eng d</controlfield><datafield ind1=" " ind2=" " tag="010"><subfield code="a">sn 83002242 </subfield></datafield><datafield ind1=" " ind2=" " tag="040"><subfield code="a">NSD</subfield><subfield code="b">eng</subfield><subfield code="c">NSD</subfield><subfield code="d">DLC</subfield><subfield code="d">MGN</subfield><subfield code="d">OCLCQ</subfield><subfield code="d">DLC</subfield><subfield code="d">OCLCF</subfield><subfield code="d">DLC</subfield></datafield><datafield ind1=" " ind2=" " tag="012"><subfield code="l">1</subfield><subfield code="m">1</subfield></datafield><datafield ind1=" " ind2=" " tag="019"><subfield code="a">990521634</subfield></datafield><datafield ind1="1" ind2=" " tag="022"><subfield code="a">0739-3504</subfield><subfield code="l">0739-3504</subfield><subfield code="2">1</subfield></datafield><datafield ind1=" " ind2=" " tag="032"><subfield code="a">233900</subfield><subfield code="b">USPS</subfield></datafield><datafield ind1=" " ind2=" " tag="037"><subfield code="b">H.S. Gere &amp; Sons, 115 Conz St., Northampton, MA 01061</subfield></datafield><datafield ind1=" " ind2=" " tag="042"><subfield code="a">nsdp</subfield></datafield><datafield ind1=" " ind2=" " tag="043"><subfield code="a">n-us-ma</subfield></datafield><datafield ind1="0" ind2="0" tag="050"><subfield code="a">Newspaper 8160-X</subfield></datafield><datafield ind1=" " ind2="0" tag="222"><subfield code="a">Daily Hampshire gazette</subfield></datafield><datafield ind1="0" ind2="0" tag="245"><subfield code="a">Daily Hampshire gazette.</subfield></datafield><datafield ind1=" " ind2=" " tag="260"><subfield code="a">Northampton, Mass. :</subfield><subfield code="b">H.S. Gere &amp; Sons</subfield></datafield><datafield ind1=" " ind2=" " tag="300"><subfield code="a">v. :</subfield><subfield code="b">ill. ;</subfield><subfield code="c">57 cm.</subfield></datafield><datafield ind1=" " ind2=" " tag="310"><subfield code="a">Daily (except Sun. and holidays)</subfield></datafield><datafield ind1="0" ind2=" " tag="362"><subfield code="a">Vol. 1, no. 1 (Nov. 1, 1890)-</subfield></datafield><datafield ind1=" " ind2=" " tag="500"><subfield code="a">Sept. 5, 1936 issue called also "One hundred and fiftieth anniversary edition" and includes a photographic reproduction of page one of the Hampshire gazette Sept. 13, 1786.</subfield></datafield><datafield ind1=" " ind2=" " tag="500"><subfield code="a">"Independent."</subfield></datafield><datafield ind1=" " ind2=" " tag="580"><subfield code="a">Weekly ed.: Hampshire gazette (Northampton, Mass. : 1820), 1890-1918.</subfield></datafield><datafield ind1=" " ind2="0" tag="651"><subfield code="a">Northampton (Mass.)</subfield><subfield code="v">Newspapers.</subfield></datafield><datafield ind1=" " ind2="7" tag="651"><subfield code="a">Massachusetts</subfield><subfield code="z">Northampton.</subfield><subfield code="2">fast</subfield><subfield code="0">(OCoLC)fst01206054</subfield></datafield><datafield ind1=" " ind2="7" tag="655"><subfield code="a">Newspapers.</subfield><subfield code="2">fast</subfield><subfield code="0">(OCoLC)fst01423814</subfield></datafield><datafield ind1="1" ind2=" " tag="775"><subfield code="t">Hampshire gazette (Northampton, Mass. : 1820)</subfield><subfield code="x">2575-9663</subfield><subfield code="w">(DLC)sn 83021004</subfield><subfield code="w">(OCoLC)9706581</subfield></datafield><datafield ind1="1" ind2=" " tag="029"><subfield code="a">AU@</subfield><subfield code="b">000025809309</subfield></datafield><datafield ind1="1" ind2=" " tag="029"><subfield code="a">NZ1</subfield><subfield code="b">16074308</subfield></datafield></record>